@misc{jpeg2,
    title={JPEG画像形式の概要（圧縮アルゴリズム）},
    author={siragiku},
    year={2004},
    note={https://www.marguerite.jp/Nihongo/Labo/Image/JPEG.html},
    eprint={1804.00168},
    archivePrefix={arXiv},
    primaryClass={cs.AI}
}
